<?xml version="1.0" encoding="UTF-8"?><collection xmlns="http://www.loc.gov/MARC21/slim"><record><leader>00561nam--2200205-i-4500</leader><controlfield tag="001">000006001</controlfield><controlfield tag="002">20161230</controlfield><controlfield tag="005">20161230201026</controlfield><controlfield tag="008">060222s1000------------r-----000-0-eng-d</controlfield><datafield ind1=" " ind2=" " tag="040"><subfield code="a">IFIN-HH</subfield></datafield><datafield ind1=" " ind2=" " tag="080"><subfield code="a">802:800.7:62(075)</subfield></datafield><datafield ind1="1" ind2=" " tag="100"><subfield code="a">Heuskin, E</subfield></datafield><datafield ind1="1" ind2="0" tag="245"><subfield code="a">Cours d'anglais technique</subfield><subfield code="c">E. hueskin, h.g. de maar, c.a. pruissen</subfield></datafield><datafield ind1=" " ind2=" " tag="250"><subfield code="a">Troisieme Edition</subfield></datafield><datafield ind1=" " ind2=" " tag="260"><subfield code="a">Paris</subfield><subfield code="b">Dunod</subfield><subfield code="c">1962</subfield></datafield><datafield ind1=" " ind2=" " tag="300"><subfield code="a">XXII+217P</subfield></datafield><datafield ind1=" " ind2=" " tag="490"><subfield code="a">Bibliotheque De L'Enseignement Technique</subfield></datafield><datafield ind1="1" ind2=" " tag="700"><subfield code="a">Pruissen, C.A</subfield></datafield><datafield ind1=" " ind2=" " tag="852"><subfield code="a">1857</subfield><subfield code="c">4</subfield></datafield><datafield ind1=" " ind2=" " tag="CAT"><subfield code="a">Sys</subfield><subfield code="c">20130130</subfield><subfield code="h">165804</subfield></datafield></record></collection>